@book{alpine_linux,
  title= {{Introducing Linux Distros}},
  subtitle = {{Choose the right Linux distribution for your needs}},
  author = {Castro J. D.},
  year = {2016},
  publisher = {Apress},
  edition = {1},
  pages = {366},
  isbn = {978-1484213933}
}

@misc{arch_linux,
  title = {{About Arch Linux}},
  howpublished = {\url{https://archlinux.org/about}},
  author = {{Arch Linux contributors}},
  note = {Accessed 03/01/2023}
}

@misc{github_stars,
  title= {{About stars}},
  howpublished = {\url{https://docs.github.com/en/get-started/exploring-projects-on-github/saving-repositories-with-stars\#about-stars}},
  author = {{GitHub Docs contributors}},
  note = {Accessed 09/01/2023}
}
